@article{Schroff_2015,
   title={FaceNet: A unified embedding for face recognition and clustering},
   ISBN={9781467369640},
   url={http://dx.doi.org/10.1109/CVPR.2015.7298682},
   DOI={10.1109/cvpr.2015.7298682},
   journal={2015 IEEE Conference on Computer Vision and Pattern Recognition (CVPR)},
   publisher={IEEE},
   author={Schroff, Florian and Kalenichenko, Dmitry and Philbin, James},
   year={2015},
   month={Jun}
}

@article{mvc,
author = {Kembang Hapsari, Rinci and Azinar, Azmuri and Sugiyanto, Sugiyanto},
year = {2017},
month = {04},
pages = {36-41},
title = {Architecture Application Model View Controller (MVC) in Designing Information System of MSME Financial Report},
volume = {3},
journal = {Quest Journals Journal of Software Engineering and Simulation},
doi = {10.17605/osf.io/3z9r7}
}

@misc{yolo,
    title={You Only Look Once: Unified, Real-Time Object Detection},
    author={Joseph Redmon and Santosh Divvala and Ross Girshick and Ali Farhadi},
    year={2015},
    eprint={1506.02640},
    archivePrefix={arXiv},
    primaryClass={cs.CV}
}

@ARTICLE{ocr, author={S. {Du} and M. {Ibrahim} and M. {Shehata} and W. {Badawy}}, journal={IEEE Transactions on Circuits and Systems for Video Technology}, title={Automatic License Plate Recognition (ALPR): A State-of-the-Art Review}, year={2013}, volume={23}, number={2}, pages={311-325},}

@misc{drones, 
title="How Drones are being used to combat coronavirus", 
year={2020},
howpublished={\url{https://www.geospatialworld.net/blogs/how-drones-are-being-used-to-combat-covid-19/}},
note={Accessed: 2020-04-20}}

@misc{tunisia, 
title="Tunisia deploys police robots on lockdown patrol", 
year={2020},
howpublished={\url{https://www.bbc.com/news/world-africa-52148639}},
note={Accessed: 2020-04-03}}

@misc{100cops, 
title="More than 100 covid-19 positive cops in maharashtra", 
year={2020},
howpublished={\url{https://www.ndtv.com/india-news/coronavirus-cases-india-more-than-100-covid-19-positive-cops-in-maharashtra-2-deaths-in-mumbai-2218515}},
note={Accessed: 2020-04-26}}

@misc{95died, 
title="95 police officers died in fight against coronavirus", 
year={2020},
howpublished={\url{https://economictimes.indiatimes.com/news/international/world-news/95-police-officers-46-medical-staff-died-in-fight-against-coronavirus-in-china-media/articleshow/74981978.cms?from=mdr}},
note={Accessed: 2020-04-04}}

@misc{handcut, 
title="Police officer's hand cut with sword attack", 
year={2020},
howpublished={\url{https://www.independent.co.uk/news/world/asia/india-coronavirus-police-officer-sword-attack-hand-punjab-sikh-a9464601.html}},
note={Accessed: 2020-04-14}}

@misc{stonepelting, 
title="Incidents of stone pelting at police personnel", 
year={2020},
howpublished={\url{https://www.news18.com/news/india/cops-stop-gathering-for-friday-prayers-pelted-with-stones-in-karnataka-town-2563733.html}},
note={Accessed: 2020-04-03}}
